@book{Buch,
  title    ={Philosophie der Moral: Texte von der Antike bis zur Gegenwart},
  author    ={Celikates, Robin},
  year    ={2009},
  publisher  ={Suhrkamp}
}
