@book{Buch,
  title		={Philosophie der Moral: Texte von der Antike bis zur Gegenwart},
  author		={Celikates, Robin},
  year		={2009},
  publisher	={Suhrkamp}
}

@book{MillUtilitarismus,
  title		={Utilitarismus},
  author		={Mill, John Stuart},
  year		={2009},
  publisher	={Felix Meiner Verlag},
  volume		={581}
}

@inbook{Utilitarianism,
  author    = "Mill, John Stuart",
  title     = "Utilitarianism",
  chapter   = "What Utilitarianism Is",
  publisher = "Cambridge University Press",
  year      = "2014",
  volume    = "",
  number    = "",
  series    = "",
  type      = "",
  address   = "",
  edition   = "",
  month     = "",
  pages     = "8-38",
  note      = "",
  isbn = {9781139923927},
  doi = {https://doi.org/10.1017/CBO9781139923927},
  collection={Cambridge Library Collection - Philosophy},
  annote    = ""
}
@book{BookUtilitarianism,
  title		={Utilitarianism},
  author		={Mill, John Stuart},
  pages     ={8-38},
  year		={2014},
  publisher	={Cambridge University Press},
  isbn      ={9781139923927},
  doi       ={https://doi.org/10.1017/CBO9781139923927},
  collection={Cambridge Library Collection - Philosophy}
}

@techreport{BenthamTechRep,
  title			={An introduction to the principles of morals and legislation},
  author			={Bentham, Jeremy},
  year			={1781},
  institution	={McMaster University Archive for the History of Economic Thought}
}

@book{BenthamOriginal,
	title 			= {An introduction to the principles of morals and legislation},
	author 			= {Bentham, Jeremy},
	year 				= {2007},
	isbn 				= {0486454525},
	type 				= {text},
	howpublished 	= {Buch}
}

@InCollection{Hedonismus,
	author       =	{Moore, Andrew},
	title        =	{Hedonism},
	booktitle    =	{The {Stanford} Encyclopedia of Philosophy},
	editor       =	{Edward N. Zalta},
	url          =	{https://plato.stanford.edu/archives/win2019/entries/hedonism/},
	year         =	{2019},
	edition      =	{Winter 2019},
	publisher    =	{Metaphysics Research Lab, Stanford University}
}

@InCollection{Consequentialism,
	author       =	{Sinnott-Armstrong, Walter},
	title        =	{Consequentialism},
	booktitle    =	{The Stanford Encyclopedia of Philosophy},
	editor       =	{Edward N. Zalta},
	howpublished =	{\url{https://plato.stanford.edu/archives/win2019/entries/consequentialism/}},
	year         =	{2019},
	edition      =	{Winter 2019},
	publisher    =	{Metaphysics Research Lab, Stanford University}
}

@book{MillAutobio,
   author 		= {Mill, John Stuart},
   isbn 			= {9780585049588},
   publisher 	= {Generic NL Freebook Publisher},
   title 		= {The Autobiography of John Stuart Mill.},
   url 			= {http://search.ebscohost.com/login.aspx?direct=true&db=nlebk&AN=2008545&site=ehost-live},
   year 			= {n.d.}
}

@inbook{MillsLife,
  author    = "Anderson, Susan Leigh",
  title     = "The Blackwell Guide to Mill's Utilitarianism",
  chapter   = "Mill's Life",
  publisher = "John Wiley \& Sons, Ltd",
  year      = "2006",
  volume    = "",
  number    = "",
  series    = "",
  type      = "",
  address   = "",
  edition   = "",
  month     = "",
  pages     = "9-25",
  note      = "",
  isbn = {9780470776483},
  doi = {https://doi.org/10.1002/9780470776483.ch1},
  url = {https://onlinelibrary.wiley.com/doi/abs/10.1002/9780470776483.ch1},
  eprint = {https://onlinelibrary.wiley.com/doi/pdf/10.1002/9780470776483.ch1},
  annote    = ""
}
@book{BookMillsLife,
  title		={The Blackwell Guide to Mill's Utilitarianism},
  author		={Anderson, Susan Leigh},
  pages     ={9-25},
  year		={2006},
  publisher	={John Wiley \& Sons, Ltd},
  isbn      ={9780470776483},
  doi       ={https://doi.org/10.1002/9780470776483.ch1},
  url       ={https://onlinelibrary.wiley.com/doi/abs/10.1002/9780470776483.ch1},
  eprint    ={https://onlinelibrary.wiley.com/doi/pdf/10.1002/9780470776483.ch1}
}

@book{BenthamFrensh,
  title       ={Trait{\'e}s de l{\'e}gislation civile et p{\'e}nale: Par J{\'e}r{\'e}mie Bentham ... Pub. en fran{\c{c}}ois, par Et. Dumont ... d'apr{\`e}s les manuscrits confi{\'e}s par l'auteur},
  author      ={Bentham, J. and Dumont, E.},
  number      ={Bd. 2},
  lccn        ={09033625},
  series      ={Trait{\'e}s de l{\'e}gislation civile et p{\'e}nale},
  url         ={https://books.google.de/books?id=KtxxyAEACAAJ},
  year        ={1802},
  publisher   ={Bossange, Masson et Besson}
}

@book{BenthamsOtherBook,
  title={Rationale of judicial evidence: Specially applied to english practice: in five volumes},
  author={Bentham, Jeremy},
  volume={5},
  year={1827},
  publisher={Hunt and Clarke}
}

@book{Hartley,
   place       ={Cambridge},
   series      ={Cambridge Library Collection - Philosophy},
   title       ={Observations on Man: His Frame, his Duty, and his Expectations},
   volume      ={2},
   DOI         ={10.1017/CBO9781139628600},
   publisher   ={Cambridge University Press},
   author      ={Hartley, David},
   year        ={2013},
   collection  ={Cambridge Library Collection - Philosophy}
}
